%% This BibTeX bibliography file was created using BibDesk.
%% http://bibdesk.sourceforge.net/

@book{compilators_introduction,
    author    = {João José Neto},
    title     = {Introdução à Compilação},
    publisher = {Escola Politécnica da USP},
    edition  = 1,
    year      = 1986
}

@misc{mvn_implementation,
    author    = {A. Reginaldo, B. Anarosa, R. Ricardo, S. Jaime},
    title     = {Introdução Máquina de von Neumann}
}

%% Saved with string encoding Unicode (UTF-8) 